@inproceedings{DSPcam,
  title={DSPcam: A camera sensor system for surveillance networks},
  author={Kandhalu, Arvind and Rowe, Anthony and Rajkumar, R},
  booktitle={Distributed Smart Cameras, 2009. ICDSC 2009. Third ACM/IEEE International Conference on},
  pages={1--7},
  year={2009},
  organization={IEEE}
}
@article{HuSIMS,
  title={A semantic autonomous video surveillance system for dense camera networks in smart cities},
  author={Calavia, Lorena and Baladr{\'o}n, Carlos and Aguiar, Javier M and Carro, Bel{\'e}n and S{\'a}nchez-Esguevillas, Antonio},
  journal={Sensors},
  volume={12},
  number={8},
  pages={10407--10429},
  year={2012},
  publisher={Molecular Diversity Preservation International}
}
@article{Citric,
  title={A low-bandwidth camera sensor platform with applications in smart camera networks},
  author={Chen, Phoebus and Hong, Kirak and Naikal, Nikhil and Sastry, S Shankar and Tygar, Doug and Yan, Posu and Yang, Allen Y and Chang, Lung-Chung and Lin, Leon and Wang, Simon and others},
  journal={ACM Transactions on Sensor Networks (TOSN)},
  volume={9},
  number={2},
  pages={21},
  year={2013},
  publisher={ACM}
}
@inproceedings{OmniEye,
  title={Real-time video surveillance over IEEE 802.11 mesh networks},
  author={Kandhalu, Arvind and Rowe, Anthony and Rajkumar, Ragunathan and Huang, Chingchun and Yeh, Chao-Chun},
  booktitle={Real-Time and Embedded Technology and Applications Symposium, 2009. RTAS 2009. 15th IEEE},
  pages={205--214},
  year={2009},
  organization={IEEE}
}
@inproceedings{DTNSmartCamera,
  title={A secure DTN-based smart camera surveillance system},
  author={Papalambrou, Andreas and Soufrilas, Panagiotis and Voyiatzis, Artemios G and Serpanos, Dimitrios N},
  booktitle={Proceedings of the Workshop on Embedded Systems Security},
  pages={3},
  year={2011},
  organization={ACM}
}
@inproceedings{SensEye,
  title={SensEye: a multi-tier camera sensor network},
  author={Kulkarni, Purushottam and Ganesan, Deepak and Shenoy, Prashant and Lu, Qifeng},
  booktitle={Proceedings of the 13th annual ACM international conference on Multimedia},
  pages={229--238},
  year={2005},
  organization={ACM}
}
@inproceedings{WiFLIP,
  title={Wi-FLIP: A wireless smart camera based on a focal-plane low-power image processor},
  author={Fernandez-Berni, Jorge and Carmona-Gal{\'a}n, Ricardo and Lin{\'a}n-Cembrano, Gustavo and Zar{\'a}ndy, {\'A}kos and Rodriguez-Vazquez, A},
  booktitle={Distributed Smart Cameras (ICDSC), 2011 Fifth ACM/IEEE International Conference on},
  pages={1--6},
  year={2011},
  organization={IEEE}
}
@inproceedings{Occlusion,
  title={Real-time object tracking and classification using a static camera},
  author={Johnsen, Swantje and Tews, Ashley},
  booktitle={Proceedings of IEEE International Conference on Robotics and Automation, workshop on People Detection and Tracking},
  year={2009}
}
@inproceedings{CS-MoG,
  title={Efficient background subtraction for real-time tracking in embedded camera networks},
  author={Shen, Yiran and Hu, Wen and Liu, Junbin and Yang, Mingrui and Wei, Bo and Chou, Chun Tung},
  booktitle={Proceedings of the 10th ACM Conference on Embedded Network Sensor Systems},
  pages={295--308},
  year={2012},
  organization={ACM}
}
@inproceedings{AccLatEnergy,
  title={Analysis of the accuracy-latency-energy tradeoff for wireless embedded camera networks},
  author={Pinto, Alvaro and Zhang, Zhe and Dong, Xin and Velipasalar, Senem and Vuran, Mehmet Can and Gursoy, Mustafa Cenk},
  booktitle={Wireless Communications and Networking Conference (WCNC), 2011 IEEE},
  pages={2101--2106},
  year={2011},
  organization={IEEE}
}
@article{Flexi-WVSNP,
  title={Towards efficient wireless video sensor networks: A survey of existing node architectures and proposal for a Flexi-WVSNP design},
  author={Seema, Adolph and Reisslein, Martin},
  journal={Communications Surveys \& Tutorials, IEEE},
  volume={13},
  number={3},
  pages={462--486},
  year={2011},
  publisher={IEEE}
}
@inproceedings{EnergyCons,
  title={Characterizing energy consumption in a visual sensor network testbed},
  author={Margi, Cintia B and Petkov, Vladislav and Obraczka, Katia and Manduchi, Roberto},
  booktitle={Testbeds and Research Infrastructures for the Development of Networks and Communities, 2006. TRIDENTCOM 2006. 2nd International Conference on},
  pages={8--pp},
  year={2006},
  organization={IEEE}
}
@inproceedings{MeshEye,
  title={MeshEye: a hybrid-resolution smart camera mote for applications in distributed intelligent surveillance},
  author={Hengstler, Stephan and Prashanth, Daniel and Fong, Sufen and Aghajan, Hamid},
  booktitle={Information Processing in Sensor Networks, 2007. IPSN 2007. 6th International Symposium on},
  pages={360--369},
  year={2007},
  organization={IEEE}
}
@article{EnergyHarvesting,
  title={Energy harvesting sensor nodes: Survey and implications},
  author={Sudevalayam, Sujesha and Kulkarni, Purushottam},
  journal={Communications Surveys \& Tutorials, IEEE},
  volume={13},
  number={3},
  pages={443--461},
  year={2011},
  publisher={IEEE}
}



